<record><leader>00000cas a2200000 a 4500</leader><controlfield tag="001">9310673</controlfield><controlfield tag="008">830315c19829999maudr ne      0   a0eng c</controlfield><datafield ind1=" " ind2=" " tag="010"><subfield code="a">sn 00059021 </subfield><subfield code="z">sc 83006301 </subfield></datafield><datafield ind1=" " ind2=" " tag="040"><subfield code="a">HUL</subfield><subfield code="b">eng</subfield><subfield code="c">HUL</subfield><subfield code="d">DLC</subfield><subfield code="d">NSD</subfield><subfield code="d">DLC</subfield><subfield code="d">NPW</subfield><subfield code="d">HUL</subfield><subfield code="d">NVH</subfield><subfield code="d">OCL</subfield><subfield code="d">MGN</subfield><subfield code="d">CNW</subfield><subfield code="d">DLC</subfield><subfield code="d">MBB</subfield><subfield code="d">SERSO</subfield><subfield code="d">DLC</subfield><subfield code="d">OCLCQ</subfield><subfield code="d">CUS</subfield><subfield code="d">OCLCF</subfield><subfield code="d">OCLCO</subfield><subfield code="d">CRL</subfield></datafield><datafield ind1=" " ind2=" " tag="019"><subfield code="a">994444869</subfield></datafield><datafield ind1="1" ind2=" " tag="022"><subfield code="a">0738-5854</subfield><subfield code="l">0738-5854</subfield><subfield code="2">1</subfield></datafield><datafield ind1="1" ind2=" " tag="029"><subfield code="a">AU@</subfield><subfield code="b">000041028273</subfield></datafield><datafield ind1="1" ind2=" " tag="029"><subfield code="a">AU@</subfield><subfield code="b">000044623193</subfield></datafield><datafield ind1="1" ind2=" " tag="029"><subfield code="a">NZ1</subfield><subfield code="b">16066960</subfield></datafield><datafield ind1=" " ind2=" " tag="032"><subfield code="a">457460</subfield><subfield code="b">USPS</subfield></datafield><datafield ind1=" " ind2=" " tag="042"><subfield code="a">pcc</subfield><subfield code="a">nsdp</subfield></datafield><datafield ind1=" " ind2=" " tag="043"><subfield code="a">n-us-ma</subfield></datafield><datafield ind1="0" ind2="0" tag="050"><subfield code="a">Newspaper</subfield></datafield><datafield ind1="1" ind2="4" tag="050"><subfield code="a">PN4899.B65</subfield><subfield code="b">B68</subfield></datafield><datafield ind1="0" ind2=" " tag="130"><subfield code="a">Boston herald (Boston, Mass. : 1982)</subfield></datafield><datafield ind1=" " ind2="4" tag="222"><subfield code="a">The Boston herald</subfield><subfield code="b">(1982)</subfield></datafield><datafield ind1="0" ind2="4" tag="245"><subfield code="a">The Boston herald.</subfield></datafield><datafield ind1="1" ind2="0" tag="246"><subfield code="a">Sunday Boston herald</subfield></datafield><datafield ind1="1" ind2="0" tag="246"><subfield code="a">Boston Sunday herald</subfield></datafield><datafield ind1=" " ind2=" " tag="260"><subfield code="a">Boston, Mass. :</subfield><subfield code="b">News Group Boston Inc.,</subfield></datafield><datafield ind1=" " ind2=" " tag="300"><subfield code="a">v.</subfield></datafield><datafield ind1=" " ind2=" " tag="310"><subfield code="a">Daily</subfield></datafield><datafield ind1="0" ind2=" " tag="362"><subfield code="a">Vol. 12, no. 355 (Dec. 21, 1982)-v. 12, no. 365 (Dec. 31, 1982) ; v. 12, no. 365 [i.e. v. 1, no. 1] (Jan. 1, 1983)-</subfield></datafield><datafield ind1=" " ind2=" " tag="500"><subfield code="a">On Sunday published as: Sunday Boston herald, &lt;1983-1987&gt;, and: Boston Sunday herald, &lt;1987-&gt;</subfield></datafield><datafield ind1=" " ind2=" " tag="588"><subfield code="a">Latest issue consulted: Vol. 18, no. 75 (Mar. 15, 2000).</subfield></datafield><datafield ind1=" " ind2="0" tag="651"><subfield code="a">Boston (Mass.)</subfield><subfield code="v">Newspapers.</subfield></datafield><datafield ind1=" " ind2="7" tag="651"><subfield code="a">Massachusetts</subfield><subfield code="z">Boston.</subfield><subfield code="2">fast</subfield><subfield code="0">(OCoLC)fst01205012</subfield></datafield><datafield ind1=" " ind2="7" tag="655"><subfield code="a">Newspapers.</subfield><subfield code="2">fast</subfield><subfield code="0">(OCoLC)fst01423814</subfield></datafield><datafield ind1=" " ind2=" " tag="752"><subfield code="a">United States</subfield><subfield code="b">Massachusetts</subfield><subfield code="c">Suffolk</subfield><subfield code="d">Boston.</subfield></datafield><datafield ind1="0" ind2="8" tag="776"><subfield code="i">Online version:</subfield><subfield code="t">Boston herald (Boston, Mass. : 1982 : Online)</subfield><subfield code="w">(OCoLC)61312380</subfield></datafield><datafield ind1="0" ind2="0" tag="780"><subfield code="t">Boston herald American (Boston, Mass.)</subfield><subfield code="w">(DLC)sn 83045539</subfield><subfield code="w">(OCoLC)1639766</subfield></datafield></record>